%YAML 1.1
%TAG !u! tag:unity3d.com,2011:
--- !u!1 &5469688514783940542
GameObject:
  m_ObjectHideFlags: 0
  m_CorrespondingSourceObject: {fileID: 0}
  m_PrefabInstance: {fileID: 0}
  m_PrefabAsset: {fileID: 0}
  serializedVersion: 6
  m_Component:
  - component: {fileID: 2645372150289388376}
  - component: {fileID: 9129399543414592020}
  - component: {fileID: 5227517830005455519}
  - component: {fileID: 9009260218825422953}
  - component: {fileID: 1064583853869989914}
  - component: {fileID: 3231934365643124780}
  m_Layer: 0
  m_Name: SphereEnemy
  m_TagString: Untagged
  m_Icon: {fileID: 0}
  m_NavMeshLayer: 0
  m_StaticEditorFlags: 0
  m_IsActive: 1
--- !u!4 &2645372150289388376
Transform:
  m_ObjectHideFlags: 0
  m_CorrespondingSourceObject: {fileID: 0}
  m_PrefabInstance: {fileID: 0}
  m_PrefabAsset: {fileID: 0}
  m_GameObject: {fileID: 5469688514783940542}
  m_LocalRotation: {x: 0, y: 0, z: 0, w: 1}
  m_LocalPosition: {x: 374.75, y: 750.6, z: -1162.89}
  m_LocalScale: {x: 10, y: 10, z: 10}
  m_Children: []
  m_Father: {fileID: 0}
  m_RootOrder: 0
  m_LocalEulerAnglesHint: {x: 0, y: 0, z: 0}
--- !u!33 &9129399543414592020
MeshFilter:
  m_ObjectHideFlags: 0
  m_CorrespondingSourceObject: {fileID: 0}
  m_PrefabInstance: {fileID: 0}
  m_PrefabAsset: {fileID: 0}
  m_GameObject: {fileID: 5469688514783940542}
  m_Mesh: {fileID: 10207, guid: 0000000000000000e000000000000000, type: 0}
--- !u!23 &5227517830005455519
MeshRenderer:
  m_ObjectHideFlags: 0
  m_CorrespondingSourceObject: {fileID: 0}
  m_PrefabInstance: {fileID: 0}
  m_PrefabAsset: {fileID: 0}
  m_GameObject: {fileID: 5469688514783940542}
  m_Enabled: 1
  m_CastShadows: 1
  m_ReceiveShadows: 1
  m_DynamicOccludee: 1
  m_MotionVectors: 1
  m_LightProbeUsage: 1
  m_ReflectionProbeUsage: 1
  m_RayTracingMode: 2
  m_RayTraceProcedural: 0
  m_RenderingLayerMask: 1
  m_RendererPriority: 0
  m_Materials:
  - {fileID: 2100000, guid: aed6c4fb603ea294180fd62f25c55ad3, type: 2}
  m_StaticBatchInfo:
    firstSubMesh: 0
    subMeshCount: 0
  m_StaticBatchRoot: {fileID: 0}
  m_ProbeAnchor: {fileID: 0}
  m_LightProbeVolumeOverride: {fileID: 0}
  m_ScaleInLightmap: 1
  m_ReceiveGI: 1
  m_PreserveUVs: 0
  m_IgnoreNormalsForChartDetection: 0
  m_ImportantGI: 0
  m_StitchLightmapSeams: 1
  m_SelectedEditorRenderState: 3
  m_MinimumChartSize: 4
  m_AutoUVMaxDistance: 0.5
  m_AutoUVMaxAngle: 89
  m_LightmapParameters: {fileID: 0}
  m_SortingLayerID: 0
  m_SortingLayer: 0
  m_SortingOrder: 0
  m_AdditionalVertexStreams: {fileID: 0}
--- !u!65 &9009260218825422953
BoxCollider:
  m_ObjectHideFlags: 0
  m_CorrespondingSourceObject: {fileID: 0}
  m_PrefabInstance: {fileID: 0}
  m_PrefabAsset: {fileID: 0}
  m_GameObject: {fileID: 5469688514783940542}
  m_Material: {fileID: 0}
  m_IsTrigger: 0
  m_Enabled: 1
  serializedVersion: 2
  m_Size: {x: 1, y: 1, z: 1}
  m_Center: {x: 0, y: 0, z: 0}
--- !u!54 &1064583853869989914
Rigidbody:
  m_ObjectHideFlags: 0
  m_CorrespondingSourceObject: {fileID: 0}
  m_PrefabInstance: {fileID: 0}
  m_PrefabAsset: {fileID: 0}
  m_GameObject: {fileID: 5469688514783940542}
  serializedVersion: 2
  m_Mass: 1
  m_Drag: 0
  m_AngularDrag: 0.05
  m_UseGravity: 1
  m_IsKinematic: 0
  m_Interpolate: 0
  m_Constraints: 0
  m_CollisionDetection: 0
--- !u!114 &3231934365643124780
MonoBehaviour:
  m_ObjectHideFlags: 0
  m_CorrespondingSourceObject: {fileID: 0}
  m_PrefabInstance: {fileID: 0}
  m_PrefabAsset: {fileID: 0}
  m_GameObject: {fileID: 5469688514783940542}
  m_Enabled: 1
  m_EditorHideFlags: 0
  m_Script: {fileID: 11500000, guid: a7372a6d072fc574ea0610d4e9e0f017, type: 3}
  m_Name: 
  m_EditorClassIdentifier: 
  minDist: 1
  moveSpeed: 10
  screenPos: {x: 0, y: 0, z: 0}
  healthBarYOffset: 50
  healthBarTextStyle:
    m_Name: 
    m_Normal:
      m_Background: {fileID: 0}
      m_ScaledBackgrounds: []
      m_TextColor: {r: 0, g: 0, b: 0, a: 1}
    m_Hover:
      m_Background: {fileID: 0}
      m_ScaledBackgrounds: []
      m_TextColor: {r: 0, g: 0, b: 0, a: 1}
    m_Active:
      m_Background: {fileID: 0}
      m_ScaledBackgrounds: []
      m_TextColor: {r: 0, g: 0, b: 0, a: 1}
    m_Focused:
      m_Background: {fileID: 0}
      m_ScaledBackgrounds: []
      m_TextColor: {r: 0, g: 0, b: 0, a: 1}
    m_OnNormal:
      m_Background: {fileID: 0}
      m_ScaledBackgrounds: []
      m_TextColor: {r: 0, g: 0, b: 0, a: 1}
    m_OnHover:
      m_Background: {fileID: 0}
      m_ScaledBackgrounds: []
      m_TextColor: {r: 0, g: 0, b: 0, a: 1}
    m_OnActive:
      m_Background: {fileID: 0}
      m_ScaledBackgrounds: []
      m_TextColor: {r: 0, g: 0, b: 0, a: 1}
    m_OnFocused:
      m_Background: {fileID: 0}
      m_ScaledBackgrounds: []
      m_TextColor: {r: 0, g: 0, b: 0, a: 1}
    m_Border:
      m_Left: 0
      m_Right: 0
      m_Top: 0
      m_Bottom: 0
    m_Margin:
      m_Left: 0
      m_Right: 0
      m_Top: 0
      m_Bottom: 0
    m_Padding:
      m_Left: 0
      m_Right: 0
      m_Top: 0
      m_Bottom: 0
    m_Overflow:
      m_Left: 0
      m_Right: 0
      m_Top: 0
      m_Bottom: 0
    m_Font: {fileID: 0}
    m_FontSize: 0
    m_FontStyle: 0
    m_Alignment: 0
    m_WordWrap: 0
    m_RichText: 1
    m_TextClipping: 0
    m_ImagePosition: 0
    m_ContentOffset: {x: 0, y: 0}
    m_FixedWidth: 0
    m_FixedHeight: 0
    m_StretchWidth: 1
    m_StretchHeight: 0
  players: []
  sphereMinDist: 100000
  timeDelay: 3
  CylinderEnemy: {fileID: 6717173064387335371, guid: 0b33fa17e11e447628d2f1b7419943aa,
    type: 3}
